@MISC{wiki-chomsky,
    title={Chomsky Hierarchy},
    url={http://en.wikipedia.org/wiki/Chomsky_hierarchy}
}

@BOOK{Sipser,
    author = {Michael Sipser},
    editor = {Mac Mendelsohn},
    title = {Introduction to the Theory of Computation},
    publisher = {Thomson Learning},
    year = {2006},
    otherinfo = {Second Edition}
}

@ARTICLE{quantum-complexity,
author = {Ethan Bernstein, Umesh Vazirani},
title = {Quantum Complexity Theory},
journal = {SIAM Journal on Computing},
year = {1997},
otherinfo = {Issue 26},
url={http://www.cs.berkeley.edu/~vazirani/bv.ps}
}

@MISC{ballmer-peak,
title={XKCD: Ballmer Peak},
url={http://xkcd.com/323/}
}

